
% --------------------------------
% People
% --------------------------------
@online {ref:larsab,
title = {Bongo, Lars-Ailo},
year = {2022},
month = {Jun.},
urldate = {2022-06-01},
howpublished = {\url{https://uit.no/ansatte/person?p_document_id=66818}}
}

@online {ref:annesofie,
title = {Furberg, Anne-Sofie},
year = {2022},
month = {Jun.},
urldate = {2022-06-01},
howpublished = {\url{https://uit.no/ansatte/person?p_document_id=168042}}
}

@online {ref:latexintro,
title = {An introduction to LaTeX},
year = {2022},
month = {Jun.},
urldate = {2022-06-01},
howpublished = {\url{https://www.latex-project.org/about/}}
}

@online {ref:wysiwyg,
title = {Wikipedia: What you see is what you get},
year = {2022},
month = {Jun.},
urldate = {2022-06-01},
howpublished = {\url{https://en.wikipedia.org/wiki/WYSIWYG}}
}

@online {ref:spss,
title = {IBM SPSS Statistics},
year = {2022},
month = {Jun.},
urldate = {2022-06-01},
howpublished = {\url{https://www.ibm.com/products/spss-statistics}}
}





