@online {ref:sykepleirindeksen,
title = {Sykepleierindeksen H1 2020},
author = {Eiendom Norge},
year = {2020},
month = {Sep.},
urldate = {2020-09-07},
note = {\url{http://www.itu.int/en/ITU-D/Statistics/Pages/stat/default.aspx#}}
}

@article{ref:MainObesityArticle,
AUTHOR = {Nicholas, A. Christakis and James, H. Fowler},
TITLE = {The Spread of Obesity in a Large Social Network over 32 Years},
JOURNAL = {The New England Journal of Medicine},
YEAR = {2007},
note  = {\url{https://www.nejm.org/doi/full/10.1056/NEJMsa066082}}
}

@article{ref:JohnDoe,
AUTHOR = {"John Doe"},
TITLE = {"Title"},
JOURNAL = {"Journal"},
YEAR = {"2017"}
}

@article{ref:FitFutures,
AUTHOR = {Winther, A and Dennison, E and Ahmed, LA and Furberg, AS and Grimnes, G and Jorde, R and Gjesdal, CG and  Emaus, N.},
TITLE = {Fit Futures: a study of Norwegian adolescents' lifestyle and bone health},
JOURNAL = {Arch Osteoporos 2014;9:185},
year = {2014},
month = {September},
note = {\url{https://link.springer.com/article/10.1007/s11657-014-0185-0}}
}

@online {ref:OlinkInflammation,
title = {Olink Target 96 Inflammation},
author = {Olink Holding AB},
year = {2022},
month = {February},
urldate = {2022-02-02},
note = {\url{ https://www.olink.com/products-services/target/inflammation/}}
}

@online {ref:igraph,
title = {igraph},
author = {igraph},
year = {2022},
month = {February},
urldate = {2022-02-02},
note = {\url{https://igraph.org/}}
}

@online {ref:statnet,
title = {statnet},
author = {statnet},
year = {2022},
month = {February},
urldate = {2022-02-02},
note = {\url{https://statnet.org/}}
}

@online {ref:ggraph,
title = {ggraph},
author = {ggraph},
year = {2022},
month = {February},
urldate = {2022-02-02},
note = {\url{https://ggraph.data-imaginist.com/}}
}




